@misc{survey,
      title={Retrieval-Augmented Generation for Large Language Models: A Survey}, 
      author={Yunfan Gao and Yun Xiong and Xinyu Gao and Kangxiang Jia and Jinliu Pan and Yuxi Bi and Yi Dai and Jiawei Sun and Meng Wang and Haofen Wang},
      year={2024},
      eprint={2312.10997},
      archivePrefix={arXiv},
      primaryClass={cs.CL},
      url={https://arxiv.org/abs/2312.10997}, 
}

@misc{benchmark,
      title={{CRUD}-{RAG}: A Comprehensive {Chinese} Benchmark for Retrieval-Augmented Generation of Large Language Models}, 
      author={Yuanjie Lyu and Zhiyu Li and Simin Niu and Feiyu Xiong and Bo Tang and Wenjin Wang and Hao Wu and Huanyong Liu and Tong Xu and Enhong Chen},
      year={2024},
      eprint={2401.17043},
      archivePrefix={arXiv},
      primaryClass={cs.CL},
      url={https://arxiv.org/abs/2401.17043}, 
}

@misc{deepeval,
      author = {Ip, Jeffrey and Vongthongsri, Kritin},
      license = {Apache-2.0},
      month = may,
      title = {{deepeval}},
      url = {https://github.com/confident-ai/deepeval},
      version = {2.9.7},
      year = {2025}
}

@misc{summarization,
      title={A Comprehensive Survey on Process-Oriented Automatic Text Summarization with Exploration of {LLM}-Based Methods}, 
      author={Yang Zhang and Hanlei Jin and Dan Meng and Jun Wang and Jinghua Tan},
      year={2025},
      eprint={2403.02901},
      archivePrefix={arXiv},
      primaryClass={cs.AI},
      url={https://arxiv.org/abs/2403.02901}, 
}

@misc{deepseek3,
      title={{DeepSeek-R1}: Incentivizing Reasoning Capability in {LLMs} via Reinforcement Learning}, 
      author={DeepSeek-AI et al.},
      year={2025},
      eprint={2501.12948},
      archivePrefix={arXiv},
      primaryClass={cs.CL},
      url={https://arxiv.org/abs/2501.12948}, 
}

@misc{RaR,
      title={Rephrase and Respond: Let Large Language Models Ask Better Questions for Themselves}, 
      author={Yihe Deng and Weitong Zhang and Zixiang Chen and Quanquan Gu},
      year={2024},
      eprint={2311.04205},
      archivePrefix={arXiv},
      primaryClass={cs.CL},
      url={https://arxiv.org/abs/2311.04205}, 
}

@misc{qwen3,
    title  = {Qwen3},
    url    = {https://qwenlm.github.io/blog/qwen3/},
    author = {Qwen Team},
    month  = {April},
    year   = {2025}
}

@misc{FLARE,
      title={Active Retrieval Augmented Generation}, 
      author={Zhengbao Jiang and Frank F. Xu and Luyu Gao and Zhiqing Sun and Qian Liu and Jane Dwivedi-Yu and Yiming Yang and Jamie Callan and Graham Neubig},
      year={2023},
      eprint={2305.06983},
      archivePrefix={arXiv},
      primaryClass={cs.CL},
      url={https://arxiv.org/abs/2305.06983}, 
}

@misc{CCoT,
      title={Contrastive Chain-of-Thought Prompting}, 
      author={Yew Ken Chia and Guizhen Chen and Luu Anh Tuan and Soujanya Poria and Lidong Bing},
      year={2023},
      eprint={2311.09277},
      archivePrefix={arXiv},
      primaryClass={cs.CL},
      url={https://arxiv.org/abs/2311.09277}, 
}

@misc{APE,
      title={Large Language Models Are Human-Level Prompt Engineers}, 
      author={Yongchao Zhou and Andrei Ioan Muresanu and Ziwen Han and Keiran Paster and Silviu Pitis and Harris Chan and Jimmy Ba},
      year={2023},
      eprint={2211.01910},
      archivePrefix={arXiv},
      primaryClass={cs.LG},
      url={https://arxiv.org/abs/2211.01910}, 
}

@article{thirunavukarasu2023large,
      title={Large language models in medicine},
      author={Thirunavukarasu, Arun James and Ting, Darren Shu Jeng and Elangovan, Kabilan and Gutierrez, Laura and Tan, Ting Fang and Ting, Daniel Shu Wei},
      journal={Nature medicine},
      volume={29},
      number={8},
      pages={1930--1940},
      year={2023},
      publisher={Nature Publishing Group US New York}
}
